<?xml version="1.0" encoding="UTF-8"?><collection xmlns="http://www.loc.gov/MARC21/slim"><record><leader>00467nam--2200169-i-4500</leader><controlfield tag="001">000027210</controlfield><controlfield tag="002">20161230</controlfield><controlfield tag="005">20170107004114</controlfield><controlfield tag="008">060222s1000------------r-----000-0-eng-d</controlfield><datafield ind1=" " ind2=" " tag="040"><subfield code="a">IFIN-HH</subfield></datafield><datafield ind1=" " ind2=" " tag="080"><subfield code="a">535.338.4:539.19</subfield></datafield><datafield ind1="1" ind2=" " tag="100"><subfield code="a">Kov©Łcs, Istv©Łn</subfield></datafield><datafield ind1="1" ind2="0" tag="245"><subfield code="a">Rotational structure in the spectra of diatomic molecules</subfield><subfield code="c">Istvan Kovacs</subfield></datafield><datafield ind1=" " ind2=" " tag="260"><subfield code="a">Budapest</subfield><subfield code="b">Akad©♭miai Kiad©đ</subfield><subfield code="c">1969</subfield></datafield><datafield ind1=" " ind2=" " tag="300"><subfield code="a">320 p</subfield></datafield><datafield ind1=" " ind2=" " tag="852"><subfield code="a">31853</subfield><subfield code="c">543.5</subfield></datafield><datafield ind1=" " ind2=" " tag="CAT"><subfield code="a">SYS</subfield><subfield code="c">20170107</subfield><subfield code="h">004114</subfield></datafield></record></collection>